\renewcommand{\refname}{Bibliografía} %cambia el nombre de Referencias a Bibliografía

% If you are using biblatex, set the style in the document preamble:
% \usepackage[style=ieee,backend=biber]{biblatex}
% and load the .bib file with \addbibresource{<file>.bib}, then use \printbibliography here.
\begin{thebibliography}{X}

\bibitem{Git} Repositorio: \url{https://github.com/ramibelsito/ASSD---Simulador-de-Muestreo.git} \label{Git}

\end{thebibliography} 
